@misc{SysML,
	author       = {No Magic, Inc (2015)},
	howpublished = {\url{https://www.nomagic.com/files/manuals/SysML%20Plugin%20UserGuide.pdf}},
	title        = {SysML Plugin 18.1},
}

@inproceedings{Viatra,
	title = {Viatra 3: A Reactive Model Transformation Platform},
	author = {Gábor Bergmann and István Dávid and Ábel Hegedűs and Ákos Horváth and István Ráth and Zoltán Ujhelyi and Dániel Varró},
	year = {2015},
	booktitle = {ICMT 2015},
	series = {LNCS},
	number = {9152},
	pages = {101-110},
	publisher = {Springer},
	doi = {10.1007/978-3-319-21155-8_8}
}

@article{TestLevels,
	title = {CTFL Automotive Software Tester},
	author = {International Software Testing Qualifications Board},
	year = {2018},
	pages = {33-37}
}

@report{V-model,
	author = {{International Organization for Standardization}},
	type = {Standard},
	title = {Software Verification and Validation Plans},
	number = {IEEE 1012-1986},
	year = {2004}
}

@article{Gamma,
	title        = {The Gamma Statechart Composition Framework},
	note         = {Design, Verification and Code Generation for Component-Based Reactive Systems},
	author		 = {Vince Molnár and Bence Graics and András Vörös and István Majzik and Dániel Varró},
	year         = {2018},
}

@misc{JUnit5,
	author       = {{JUnit team}},
	howpublished = {\url{https://junit.org/junit5/docs/current/user-guide/}},
	title        = {The new major version of the programmer-friendly testing framework for Java},
}

@misc{Mockito,
	author       = {Mockito team},
	howpublished = {\url{https://site.mockito.org/}},
	title        = {Tasty mocking framework for unit tests in Java},
}

@misc{PowerMock,
	author       = {Johan Haleby, Jan Kronquiest, Arthur Zagretdinov},
	howpublished = {\url{https://github.com/powermock/powermock/wiki/Mockito}},
	title        = {PowerMock with Mockito},
}

@report{IEEE13,
	author		 = {International Organization of Standardization},
	type 		 = {Standard}
	title        = {Software and systems engineering, Software testing},
	note         = {Part 3: Test documentation},
	number       = {ISO/IEC/IEEE 29119-3:2013},
	year         = {2013}
}